@inproceedings{Liu:2016:RBS:2939672.2939776,
 author = {Liu, Junming and Sun, Leilei and Chen, Weiwei and Xiong, Hui},
 title = {Rebalancing Bike Sharing Systems: A Multi-source Data Smart Optimization},
 booktitle = {Proceedings of the 22nd ACM SIGKDD International Conference on Knowledge Discovery and Data Mining},
 series = {KDD '16},
 year = {2016},
}

@article{wardrop1900journey,
  title={Journey speed and flow in central urban areas},
  author={Wardrop, JG},
  journal={Traffic Engineering \& Control},
  volume={8},
  number={8},
  year={1900}
}

@article{treiber2000congested,
  title={Congested traffic states in empirical observations and microscopic simulations},
  author={Treiber, Martin and Hennecke, Ansgar and Helbing, Dirk},
  journal={Physical review E},
  volume={62},
  number={2},
  pages={1805},
  year={2000},
  publisher={APS}
}

@article{osorio2009analytic,
  title={An analytic finite capacity queueing network model capturing the propagation of congestion and blocking},
  author={Osorio, Carolina and Bierlaire, Michel},
  journal={European Journal of Operational Research},
  volume={196},
  number={3},
  pages={996--1007},
  year={2009},
  publisher={Elsevier}
}

@article{friesz1989dynamic,
  title={Dynamic network traffic assignment considered as a continuous time optimal control problem},
  author={Friesz, Terry L and Luque, Javier and Tobin, Roger L and Wie, Byung-Wook},
  journal={Operations Research},
  volume={37},
  number={6},
  pages={893--901},
  year={1989},
  publisher={INFORMS}
}

@article{merchant1978optimality,
  title={Optimality conditions for a dynamic traffic assignment model},
  author={Merchant, Deepak K and Nemhauser, George L},
  journal={Transportation Science},
  volume={12},
  number={3},
  pages={200--207},
  year={1978},
  publisher={INFORMS}
}

@article{waller2013linear,
  title={Linear programming formulation for strategic dynamic traffic assignment},
  author={Waller, S Travis and Fajardo, David and Duell, Melissa and Dixit, Vinayak},
  journal={Networks and Spatial Economics},
  volume={13},
  number={4},
  pages={427--443},
  year={2013},
  publisher={Springer}
}

@article{froehlich2008measuring,
  title={Measuring the pulse of the city through shared bicycle programs},
  author={Froehlich, Jon and Neumann, Joachim and Oliver, Nuria},
  journal={Proc. of UrbanSense08},
  pages={16--20},
  year={2008}
}

@article{leurent2012modelling,
  title={Modelling a vehicle-sharing station as a dual waiting system: stochastic framework and stationary analysis},
  author={Leurent, Fabien},
  year={2012},
  note={\url{https://hal.archives-ouvertes.fr/hal-00757228/document}}
}

@article{raviv2013static,
  title={Static repositioning in a bike-sharing system: models and solution approaches},
  author={Raviv, Tal and Tzur, Michal and Forma, Iris A},
  journal={EURO Journal on Transportation and Logistics},
  volume={2},
  number={3},
  pages={187--229},
  year={2013},
  publisher={Springer}
}

@article{schuijbroek2017inventory,
  title={Inventory rebalancing and vehicle routing in bike sharing systems},
  author={Schuijbroek, J and Hampshire, Robert C and Van Hoeve, W-J},
  journal={European Journal of Operational Research},
  volume={257},
  number={3},
  pages={992--1004},
  year={2017},
  publisher={Elsevier}
}

@article{pavone2012robotic,
  title={Robotic load balancing for mobility-on-demand systems},
  author={Pavone, Marco and Smith, Stephen L and Frazzoli, Emilio and Rus, Daniela},
  journal={The International Journal of Robotics Research},
  volume={31},
  number={7},
  pages={839--854},
  year={2012},
  publisher={Sage Publications Sage UK: London, England}
}

@inproceedings{smith2013rebalancing,
  title={Rebalancing the rebalancers: Optimally routing vehicles and drivers in {M}obility-on-{D}emand systems},
  author={Smith, Stephen L and Pavone, Marco and Schwager, Mac and Frazzoli, Emilio and Rus, Daniela},
  booktitle={American Control Conference (ACC), 2013},
  pages={2362--2367},
  year={2013},
  organization={IEEE}
}

@inproceedings{singla2015incentivizing,
  title={Incentivizing Users for Balancing Bike Sharing Systems.},
  author={Singla, Adish and Santoni, Marco and Bart{\'o}k, G{\'a}bor and Mukerji, Pratik and Meenen, Moritz and Krause, Andreas},
  booktitle={AAAI},
  pages={723--729},
  year={2015}
}

@inproceedings{castillo2017surge,
  title={Surge pricing solves the wild goose chase},
  author={Castillo, Juan Camilo and Knoepfle, Dan and Weyl, Glen},
  booktitle={Proceedings of the 2017 ACM Conference on Economics and Computation},
  pages={241--242},
  year={2017},
  organization={ACM}
}

@article{banerjee2016dynamic,
  title={Dynamic pricing in ridesharing platforms},
  author={Banerjee, Siddhartha and Johari, Ramesh and Riquelme, Carlos},
  journal={ACM SIGecom Exchanges},
  volume={15},
  number={1},
  pages={65--70},
  year={2016},
  publisher={ACM}
}

@article{cramer2016disruptive,
  title={Disruptive change in the taxi business: The case of {U}ber},
  author={Cramer, Judd and Krueger, Alan B},
  journal={The American Economic Review},
  volume={106},
  number={5},
  pages={177--182},
  year={2016},
  publisher={American Economic Association}
}

@inproceedings{zhang2017taxi,
  title={A taxi order dispatch model based on combinatorial optimization},
  author={Zhang, Lingyu and Hu, Tao and Min, Yue and Wu, Guobin and Zhang, Junying and Feng, Pengcheng and Gong, Pinghua and Ye, Jieping},
  booktitle={Proceedings of the 23rd ACM SIGKDD International Conference on Knowledge Discovery and Data Mining},
  pages={2151--2159},
  year={2017},
  organization={ACM}
}